@inproceedings{www13,
    author = {J. J. McAuley and J. Leskovec},
    title = {From amateurs to connoisseurs: modeling the evolution of user expertise through online reviews},
    booktitle = {World Wide Web},
    year = {2013}
}
